<?xml version="1.0" encoding="UTF-8"?>
<OAI-PMH xmlns="http://www.openarchives.org/OAI/2.0/" xmlns:xsi="http://www.w3.org/2001/XMLSchema-instance" xsi:schemaLocation="http://www.openarchives.org/OAI/2.0/ http://www.openarchives.org/OAI/2.0/OAI-PMH.xsd">
<ListRecords>
<record>
<header status="updated">
<identifier>urm_publish:71297027760002121</identifier>
</header>
<metadata>
<record xmlns="http://www.loc.gov/MARC21/slim" xmlns:xsi="http://www.w3.org/2001/XMLSchema-instance" xsi:schemaLocation="http://www.loc.gov/MARC21/slim http://www.loc.gov/standards/marcxml/schema/MARC21slim.xsd" ><leader>00898mam a2200265   4500</leader><controlfield tag="005">19990604113142.0</controlfield><controlfield tag="008">840606s1972    it a          000 0aita  </controlfield><controlfield tag="001">999683689802121</controlfield><datafield tag="010" ind1=" " ind2=" "><subfield code="a">   73318028 </subfield></datafield><datafield tag="035" ind1=" " ind2=" "><subfield code="a">(OCoLC)10810640</subfield></datafield><datafield tag="035" ind1=" " ind2=" "><subfield code="9">APY0678UW</subfield></datafield><datafield tag="035" ind1=" " ind2=" "><subfield code="a">(WU)2415324-uwmadisondb</subfield></datafield><datafield tag="040" ind1=" " ind2=" "><subfield code="a">DLC</subfield><subfield code="b">eng</subfield><subfield code="c">BMU</subfield><subfield code="d">BMU</subfield></datafield><datafield tag="050" ind1="0" ind2=" "><subfield code="a">N6923.Z36</subfield><subfield code="b">F47</subfield></datafield><datafield tag="100" ind1="1" ind2=" "><subfield code="a">Zancanaro, Tono,</subfield><subfield code="d">1906-1985.</subfield><subfield code="2">LCNAMES</subfield><subfield code="0">41-LIBRARY_OF_CONGRESS-n  50062018</subfield><subfield code="9">Y</subfield></datafield><datafield tag="245" ind1="1" ind2="0"><subfield code="a">Tono Zancanaro.</subfield></datafield><datafield tag="264" ind1=" " ind2="1"><subfield code="a">Cento :</subfield><subfield code="b">Siaca,</subfield><subfield code="c">[1972]</subfield></datafield><datafield tag="300" ind1=" " ind2=" "><subfield code="a">179 unnumbered leaves :</subfield><subfield code="b">illustrations ;</subfield><subfield code="c">23 cm</subfield></datafield><datafield tag="336" ind1=" " ind2=" "><subfield code="a">text</subfield><subfield code="b">txt</subfield><subfield code="2">rdacontent</subfield></datafield><datafield tag="337" ind1=" " ind2=" "><subfield code="a">unmediated</subfield><subfield code="b">n</subfield><subfield code="2">rdamedia</subfield></datafield><datafield tag="338" ind1=" " ind2=" "><subfield code="a">volume</subfield><subfield code="b">nc</subfield><subfield code="2">rdacarrier</subfield></datafield><datafield tag="500" ind1=" " ind2=" "><subfield code="a">At head of title: Comune di Ferrara. Galleria civica d'arte moderna. Palazzo dei Diamanti, 17 dicembre-4 febbraio 1973.</subfield></datafield><datafield tag="600" ind1="1" ind2="0"><subfield code="a">Zancanaro, Tono,</subfield><subfield code="d">1906-1985.</subfield><subfield code="2">LCNAMES</subfield><subfield code="0">41-LIBRARY_OF_CONGRESS-n  50062018</subfield><subfield code="9">Y</subfield></datafield><datafield tag="710" ind1="1" ind2=" "><subfield code="a">Ferrara (Italy).</subfield><subfield code="b">Galleria civica d'arte moderna.</subfield><subfield code="2">LCNAMES</subfield><subfield code="0">41-LIBRARY_OF_CONGRESS-n  79068456</subfield><subfield code="9">Y</subfield></datafield><datafield tag="997" ind1=" " ind2=" "><subfield code="a">MARCIVE</subfield></datafield><datafield tag="600" ind1="1" ind2="0"><subfield code="a">Zancanaro, Antonio,</subfield><subfield code="d">1906-1985</subfield><subfield code="2">LCNAMES</subfield><subfield code="0">41-LIBRARY_OF_CONGRESS-n  50062018</subfield><subfield code="9">N</subfield></datafield><datafield tag="600" ind1="1" ind2="0"><subfield code="a">Zancanaro, Tonin,</subfield><subfield code="d">1906-1985</subfield><subfield code="2">LCNAMES</subfield><subfield code="0">41-LIBRARY_OF_CONGRESS-n  50062018</subfield><subfield code="9">N</subfield></datafield><datafield tag="100" ind1="1" ind2=" "><subfield code="a">Zancanaro, Antonio,</subfield><subfield code="d">1906-1985</subfield><subfield code="2">LCNAMES</subfield><subfield code="0">41-LIBRARY_OF_CONGRESS-n  50062018</subfield><subfield code="9">N</subfield></datafield><datafield tag="100" ind1="1" ind2=" "><subfield code="a">Zancanaro, Tonin,</subfield><subfield code="d">1906-1985</subfield><subfield code="2">LCNAMES</subfield><subfield code="0">41-LIBRARY_OF_CONGRESS-n  50062018</subfield><subfield code="9">N</subfield></datafield><datafield tag="710" ind1="1" ind2=" "><subfield code="a">Gallerie civiche di arte moderna di Palazzo dei diamanti (Ferrara, Italy)</subfield><subfield code="2">LCNAMES</subfield><subfield code="0">41-LIBRARY_OF_CONGRESS-n  79068456</subfield><subfield code="9">N</subfield></datafield><datafield tag="710" ind1="1" ind2=" "><subfield code="w">nnaa</subfield><subfield code="a">Galleria civica d'arte moderna, Ferrara</subfield><subfield code="2">LCNAMES</subfield><subfield code="0">41-LIBRARY_OF_CONGRESS-n  79068456</subfield><subfield code="9">N</subfield></datafield><datafield tag="710" ind1="1" ind2=" "><subfield code="a">Ferrara (Italy).</subfield><subfield code="b">Civica raccolta d'arte moderna</subfield><subfield code="2">LCNAMES</subfield><subfield code="0">41-LIBRARY_OF_CONGRESS-n  79068456</subfield><subfield code="9">N</subfield></datafield><datafield tag="710" ind1="1" ind2=" "><subfield code="a">Ferrara (Italy).</subfield><subfield code="b">Galleria civica arte moderna</subfield><subfield code="2">LCNAMES</subfield><subfield code="0">41-LIBRARY_OF_CONGRESS-n  79068456</subfield><subfield code="9">N</subfield></datafield><datafield tag="710" ind1="1" ind2=" "><subfield code="a">Ferrara (Italy).</subfield><subfield code="b">Arte moderna, Galleria civica d'</subfield><subfield code="2">LCNAMES</subfield><subfield code="0">41-LIBRARY_OF_CONGRESS-n  79068456</subfield><subfield code="9">N</subfield></datafield><datafield tag="710" ind1="1" ind2=" "><subfield code="a">Civica galleria d'arte moderna (Ferrara, Italy)</subfield><subfield code="2">LCNAMES</subfield><subfield code="0">41-LIBRARY_OF_CONGRESS-n  79068456</subfield><subfield code="9">N</subfield></datafield><datafield tag="710" ind1="1" ind2=" "><subfield code="a">Ferrara (Italy).</subfield><subfield code="b">Gallerie civiche d'arte moderna</subfield><subfield code="2">LCNAMES</subfield><subfield code="0">41-LIBRARY_OF_CONGRESS-n  79068456</subfield><subfield code="9">N</subfield></datafield><datafield tag="710" ind1="1" ind2=" "><subfield code="a">Gallerie civiche d'arte moderna (Ferrara, Italy)</subfield><subfield code="2">LCNAMES</subfield><subfield code="0">41-LIBRARY_OF_CONGRESS-n  79068456</subfield><subfield code="9">N</subfield></datafield><datafield tag="710" ind1="1" ind2=" "><subfield code="a">Ferrara (Italy).</subfield><subfield code="b">Civiche gallerie d'arte moderna e contemporanea</subfield><subfield code="2">LCNAMES</subfield><subfield code="0">41-LIBRARY_OF_CONGRESS-n  79068456</subfield><subfield code="9">N</subfield></datafield><datafield tag="710" ind1="1" ind2=" "><subfield code="a">Civiche gallerie d'arte moderna e contemporanea (Ferrara, Italy)</subfield><subfield code="2">LCNAMES</subfield><subfield code="0">41-LIBRARY_OF_CONGRESS-n  79068456</subfield><subfield code="9">N</subfield></datafield><datafield tag="710" ind1="1" ind2=" "><subfield code="a">Ferrara (Italy).</subfield><subfield code="b">Assessorato alle istituzioni culturali.</subfield><subfield code="b">Gallerie civiche d'arte moderna</subfield><subfield code="2">LCNAMES</subfield><subfield code="0">41-LIBRARY_OF_CONGRESS-n  79068456</subfield><subfield code="9">N</subfield></datafield><datafield tag="710" ind1="1" ind2=" "><subfield code="a">Ferrara (Italy).</subfield><subfield code="b">City Gallery of Modern Art</subfield><subfield code="2">LCNAMES</subfield><subfield code="0">41-LIBRARY_OF_CONGRESS-n  79068456</subfield><subfield code="9">N</subfield></datafield><datafield tag="710" ind1="1" ind2=" "><subfield code="a">City Gallery of Modern Art (Ferrara, Italy)</subfield><subfield code="2">LCNAMES</subfield><subfield code="0">41-LIBRARY_OF_CONGRESS-n  79068456</subfield><subfield code="9">N</subfield></datafield><datafield tag="710" ind1="1" ind2=" "><subfield code="a">Gallerie d'arte moderna e contemporanea (Ferrara, Italy)</subfield><subfield code="2">LCNAMES</subfield><subfield code="0">41-LIBRARY_OF_CONGRESS-n  79068456</subfield><subfield code="9">N</subfield></datafield><datafield tag="710" ind1="1" ind2=" "><subfield code="a">Gallerie d'arte moderna e contemporanea di Ferrara</subfield><subfield code="2">LCNAMES</subfield><subfield code="0">41-LIBRARY_OF_CONGRESS-n  79068456</subfield><subfield code="9">N</subfield></datafield><datafield tag="INST" ind1=" " ind2=" "><subfield code="a">01UWI_NETWORK</subfield><subfield code="b">P</subfield><subfield code="c">71297027760002121</subfield></datafield><datafield tag="INST" ind1=" " ind2=" "><subfield code="a">01UWI_MAD</subfield><subfield code="b">P</subfield><subfield code="c">21575643870002122</subfield></datafield><datafield tag="AVA" ind1=" " ind2=" "><subfield code="0">9924153243602122</subfield><subfield code="8">22854728070002122</subfield><subfield code="a">01UWI_MAD</subfield><subfield code="b">REMOTE</subfield><subfield code="c">by request only</subfield><subfield code="d">N6923 Z36 F47</subfield><subfield code="e">available</subfield><subfield code="f">1</subfield><subfield code="g">0</subfield><subfield code="j">vsf</subfield><subfield code="k">0</subfield><subfield code="p">1</subfield><subfield code="q">Verona Shelving Facility</subfield></datafield><datafield tag="MMS" ind1=" " ind2=" "><subfield code="b">999683689802121</subfield><subfield code="a">01UWI_NETWORK</subfield></datafield><datafield tag="MMS" ind1=" " ind2=" "><subfield code="b">9924153243602122</subfield><subfield code="a">01UWI_MAD</subfield></datafield></record>
</metadata>
</record>
</ListRecords>
</OAI-PMH>